../paper_algs/sph.bib